@article{Sam23,
  author          = {Mariia Samoilenko and Genevi\`eve Lefebvre},
  journal         = {Statistics in Medicine},
  number          = {3},
  title           = {An exact regression-based approach for the estimation of natural direct and indirect effects with a binary outcome and a continuous mediator},
  volume          = {42},
  year            = {2023}
}


@article{Che21,
  author          = {Chao Cheng and Donna Spiegelman and Fan Li},
  journal         = {BMC Medical Research Methodology},
  number          = {1},
  title           = {Estimating the natural indirect effect and the mediation proportion via the product method},
  volume          = {21},
  year            = {2021}
}

@article{Rit04,
  author          = {John Ritz and Donna Spiegelman},
  journal         = {Statistical Methods in Medical Research},
  number          = {4},
  title           = {Equivalence of conditional and marginal regression models for clustered and longitudinal data},
  volume          = {13},
  year            = {2004}
}


@article{Nev17,
  author          = {Daniel Nevo and Xiaomei Liao and Donna Spiegelman},
  journal         = {International Journal of Biostatistics},
  number          = {2},
  title           = {Estimation and inference for the mediation proportion},
  volume          = {13},
  year            = {2017}
}


@article{Sam18,
  author          = {Mariia Samoilenko and Lucie Blais and Genevi\`eve Lefebvre},
  journal         = {Observational Studies},
  number          = {1},
  title           = {Comparing logistic and log-binomial models for causal mediation analyses of binary mediators and rare binary outcomes: evidence to support cross-checking of mediation results in practice},
  volume          = {4},
  year            = {2018}
}

@Manual{Cau23,
  title = {ExactMed: Exact Mediation Analysis for Binary Outcomes},
  author = {Miguel Caubet and Mariia Samoilenko and Jesse Gervais and Genevi√®ve Lefebvre},
  year = {2023},
  note = {R package version 0.2.0.9000},
  url = {https://caubm.github.io/ExactMed/},
}


@article{Cau24,
  author          = {Miguel Caubet and Kevin L'Esp\'erance and Anita Koushik and Genevi\`eve Lefebvre},
  journal         = {BMC Medical Research Methodology},
  number          = {1},
  title           = {An empirical evaluation of approximate and exact regression-based causal mediation approaches for a binary outcome and a continuous or a binary mediator for case-control study designs},
  volume          = {24},
  year            = {2024}
}


@article{Sam21,
  author          = {Mariia Samoilenko and Genevi\`eve Lefebvre},
  journal         = {American Journal of Epidemiology},
  number          = {9},
  title           = {Parametric-regression-based causal mediation analysis of binary outcomes and binary mediators: moving beyond the rareness or commonness of the outcome},
  volume          = {190},
  year            = {2021}
}


@phdthesis{Bro22,
  author      = {Mary M. Brown},
  school      = {Dalhousie University},
  title       = {Intergenerational effects of maternal health on pregnancy and neonatal outcomes in {N}ova {S}cotian children},
  year        = {2022}
}

@article{Mar24,
  author          = {Chiara Di Maria and Claudio Rubino and Alessandro Albano},
  journal         = {Quality and Quantity},
  number          = {},
  title           = {The derivative-based approach to nonlinear mediation models: insights and applications},
  volume          = {},
  year            = {2024}
}
@article{Zhe21,
  author          = {Nan Zheng and Noel Cadigan},
  journal         = {Computational Statistics and Data Analysis},
  title           = {Frequentist delta-variance approximations with mixed-effects models and {TMB}},
  volume          = {160},
  year            = {2021}
}


@article{Dor22,
  author          = {Marco Doretti and Martina Raggi and Elena Stanghellini},
  journal         = {Statistical Methods \& Applications},
  number          = {1},
  title           = {Exact parametric causal mediation analysis for a binary outcome with a binary mediator},
  volume          = {31},
  year            = {2022}
}


@article{Pre10,
  author          = {Kristopher J. Preacher and Michael J. Zyphur and Zhen Zhang},
  journal         = {Psychological Methods},
  number          = {3},
  title           = {A general multilevel {SEM} framework for assessing multilevel mediation},
  volume          = {15},
  year            = {2010}
}


@article{Gel18,
  author          = {G. John Geldhof and Katherine P. Anthony and James P. Selig and Carolyn A. Mendez-Luck},
  journal         = {International Journal of Behavioral Development},
  number          = {2},
  title           = {Accommodating binary and count variables in mediation: A case for conditional indirect effects},
  volume          = {42},
  year            = {2018}
}


@book{Yu22,
  author         = {Qingzhao Yu and Bin Li},
  publisher      = {CRC Press},
  title          = {Statistical methods for mediation, confounding and moderation analysis using \texttt{R} and \texttt{SAS}},
  year           = {2022}
}

@article{Yu14,
  author          = {Qingzhao Yu and Ying Fan and Xiaocheng Wu},
  journal         = {Journal of Biometrics \& Biostatistics},
  number          = {2},
  title           = {General multiple mediation analysis with an application to explore racial disparities in breast cancer survival},
  volume          = {5},
  year            = {2014}
}

@article{Yu20,
  author          = {Qingzhao Yu and Bin Li},
  journal         = {PLoS ONE},
  number          = {10},
  title           = {Third-variable effect analysis with multilevel additive models},
  volume          = {15},
  year            = {2020}
}



@article{Zig19,
  author          = {Christina K. Zigler and Feifei Ye},
  journal         = {Multivariate Behavioral Research},
  number          = {3},
  title           = {A comparison of multilevel mediation modeling methods: recommendations for applied researchers},
  volume          = {54},
  year            = {2019}
}


@article{Bau06,
  author          = {Daniel J. Bauer and Kristopher J. Preacher and Karen M. Gil},
  journal         = {Psychological Methods},
  number          = {2},
  title           = {Conceptualizing and testing random indirect effects and moderated mediation in multilevel models: new procedures and recommendations},
  volume          = {11},
  year            = {2006}
}


@article{Mac07,
  author          = {David P. MacKinnon and Matthew S. Fritz and Jason Williams and Chondra M. Lockwood},
  journal         = {Behaviour Research Methods},
  number          = {3},
  title           = {Distribution of the product confidence limits for the indirect effect: program \texttt{PRODCLIN}},
  volume          = {39},
  year            = {2007}
}

@article{Zit21,
  author          = {Steffen Zitzmann and Christoph Helm},
  journal         = {Structural Equation Modeling: A Multidisciplinary Journal},
  number          = {4},
  title           = {Multilevel analysis of mediation, moderation, and nonlinear effects in small samples, using expected a posteriori estimates of factor scores},
  volume          = {28},
  year            = {2021}
}

@article{Ken03,
  author          = {David A. Kenny and Josephine D. Korchmaros and Niall Bolger},
  journal         = {Psychological Methods},
  number          = {2},
  title           = {Lower level mediation in multilevel models},
  volume          = {8},
  year            = {2003}
}

@book{Mac17,
  author         = {David P. MacKinnon},
  publisher      = {Routledge},
  title          = {Introduction to statistical mediation analysis},
  year           = {2017}
}


@article{Val13,
  author          = {Linda Valeri and Tyler J. VanderWeele},
  journal         = {Psychological Methods},
  number          = {2},
  title           = {Mediation analysis allowing for exposure-mediator interactions and causal interpretation: theoretical assumptions with \texttt{SAS} and \texttt{SPSS} macros},
  volume          = {18},
  year            = {2013}
}

@article{Pea12,
  author          = {Judea Pearl},
  journal         = {Prevention Science},
  number          = {4},
  title           = {The causal mediation formula - a guide to the assessment of pathways and mechanisms},
  volume          = {13},
  year            = {2012}
}

@article{Kri16,
  author          = {Kasper Kristensen and Anders Nielsen and Casper W. Berg and Hans Skaug and Bradley M. Bell},
  journal         = {Journal of Statistical Software},
  number          = {5},
  title           = {\texttt{TMB}: automatic differentiation and {L}aplace Approximation},
  volume          = {70},
  year            = {2016}
}

@article{Bro17,
  author          = {Mollie E. Brooks and Kasper Kristensen and Koen J. {van Benthem} and Arni Magnusson and Casper W. Berg and Anders Nielsen and Hans J. Skaug and Martin M\"achler and Benjamin M. Bolker},
  journal         = {The \texttt{R} Journal},
  number          = {2},
  title           = {\texttt{glmmTMB} balances speed and flexibility among packages for zero-inflated generalized linear mixed modeling},
  volume          = {9},
  year            = {2017}
}